@book{mclean:2005aa,
  title={Enron: The Smartest Guys in the Room},
  author={McLean, B and Elkind, P},
  year={2005},
  publisher={Magnolia Home Entertainment (Firm)}
}
